<record><leader>00000cas a22000007a 4500</leader><controlfield tag="001">9449549</controlfield><controlfield tag="008">830426d18841937ksuwr ne      0    0eng d</controlfield><datafield ind1=" " ind2=" " tag="010"><subfield code="a">sn 83040127 </subfield></datafield><datafield ind1=" " ind2=" " tag="040"><subfield code="a">KSH</subfield><subfield code="b">eng</subfield><subfield code="c">KSH</subfield><subfield code="d">NPT</subfield><subfield code="d">OCLCQ</subfield></datafield><datafield ind1=" " ind2=" " tag="042"><subfield code="a">msc</subfield></datafield><datafield ind1=" " ind2=" " tag="043"><subfield code="a">n-us-ks</subfield></datafield><datafield ind1="0" ind2="0" tag="245"><subfield code="a">Muscotah record.</subfield></datafield><datafield ind1="1" ind2="3" tag="246"><subfield code="a">Muscotah weekly record</subfield><subfield code="f">June 10-24, 1892</subfield></datafield><datafield ind1=" " ind2=" " tag="260"><subfield code="a">Muscotah, Kan. :</subfield><subfield code="b">F.M. Bonham</subfield></datafield><datafield ind1=" " ind2=" " tag="300"><subfield code="a">v. :</subfield><subfield code="b">ill. (chiefly advertisements) ;</subfield><subfield code="c">60 cm.</subfield></datafield><datafield ind1=" " ind2=" " tag="310"><subfield code="a">Weekly</subfield></datafield><datafield ind1="1" ind2=" " tag="362"><subfield code="a">Began in 1884; ceased with Oct. 21, 1937 issue?</subfield></datafield><datafield ind1=" " ind2=" " tag="515"><subfield code="a">Suspended July 1-Aug. 5, 1892.</subfield></datafield><datafield ind1=" " ind2=" " tag="515"><subfield code="a">Jan. 1, 1892 issue misdated Jan. 1, 1891.</subfield></datafield><datafield ind1=" " ind2=" " tag="588"><subfield code="a">Description based on: Vol. 1, no. 39 (July 1, 1885).</subfield></datafield><datafield ind1="1" ind2=" " tag="700"><subfield code="a">Bonham, F. M.</subfield></datafield><datafield ind1=" " ind2=" " tag="752"><subfield code="a">United States</subfield><subfield code="b">Kansas</subfield><subfield code="c">Atchison</subfield><subfield code="d">Muscotah.</subfield></datafield><datafield ind1="1" ind2=" " tag="029"><subfield code="a">AU@</subfield><subfield code="b">000025790051</subfield></datafield></record>